@Article{wiki,
author = {Alur, R. and Dill, D.},
title = {A theory of timed automata},
journal = {Theoretical Computer Science},
year = {1994},
volume = {126},
number = {2},
pages = {183-235}
}
